@misc{gitflow,
  author = {Vincent Driessen},
  title = {{A successful Git branching model}},
  howpublished = "\url{http://nvie.com/posts/a-successful-git-branching-model/}",
  year = {2010}, 
  note = "[Online; acessado em 08/08/2016]"
}

@misc{semver,
	author = {Tom Preston-Werner},
	title = {{Semantic Versioning 2.0.0}},
	howpublished = "\url{http://semver.org/}",
	year = {2013}, 
	note = "[Online; acessado em 08/08/2016]"
}

@misc{scrum,
	author = {Ken Schwaber and Jeff Sutherland},
	title = {{The SCRUM Guide}},
	howpublished = "\url{http://www.scrumguides.org/docs/scrumguide/v2016/2016-Scrum-Guide-US.pdf}",
	year = {2016}, 
	note = "[Online; acessado em 08/08/2016]"
}

